%YAML 1.1
%TAG !u! tag:unity3d.com,2011:
--- !u!1 &1041753375
GameObject:
  m_ObjectHideFlags: 0
  m_CorrespondingSourceObject: {fileID: 0}
  m_PrefabInstance: {fileID: 0}
  m_PrefabAsset: {fileID: 0}
  serializedVersion: 6
  m_Component:
  - component: {fileID: 1041753376}
  - component: {fileID: 1041753377}
  m_Layer: 0
  m_Name: Right Hand Attack Point
  m_TagString: Untagged
  m_Icon: {fileID: 4422084297763085224, guid: 0000000000000000d000000000000000, type: 0}
  m_NavMeshLayer: 0
  m_StaticEditorFlags: 0
  m_IsActive: 0
--- !u!4 &1041753376
Transform:
  m_ObjectHideFlags: 0
  m_CorrespondingSourceObject: {fileID: 0}
  m_PrefabInstance: {fileID: 0}
  m_PrefabAsset: {fileID: 0}
  m_GameObject: {fileID: 1041753375}
  m_LocalRotation: {x: 0, y: 0, z: 0, w: 1}
  m_LocalPosition: {x: -0.109, y: 0, z: 0}
  m_LocalScale: {x: 1, y: 1, z: 1.0144}
  m_Children: []
  m_Father: {fileID: 2190884700929978244}
  m_RootOrder: 5
  m_LocalEulerAnglesHint: {x: 0, y: 0, z: 0}
--- !u!114 &1041753377
MonoBehaviour:
  m_ObjectHideFlags: 0
  m_CorrespondingSourceObject: {fileID: 0}
  m_PrefabInstance: {fileID: 0}
  m_PrefabAsset: {fileID: 0}
  m_GameObject: {fileID: 1041753375}
  m_Enabled: 1
  m_EditorHideFlags: 0
  m_Script: {fileID: 11500000, guid: c84642b542b3b6943ba02b23389f9aa1, type: 3}
  m_Name: 
  m_EditorClassIdentifier: 
  collisionLayer:
    serializedVersion: 2
    m_Bits: 1024
  radius: 1
  damage: 5
  is_Player: 1
  is_Enemy: 0
  hit_FX_Prefab: {fileID: 115594, guid: efd3011863918584d94591e177fa8d29, type: 3}
--- !u!1 &1675957434
GameObject:
  m_ObjectHideFlags: 0
  m_CorrespondingSourceObject: {fileID: 0}
  m_PrefabInstance: {fileID: 0}
  m_PrefabAsset: {fileID: 0}
  serializedVersion: 6
  m_Component:
  - component: {fileID: 1675957435}
  - component: {fileID: 1675957436}
  m_Layer: 0
  m_Name: Left Leg Attack Point
  m_TagString: Untagged
  m_Icon: {fileID: -5442936267250999957, guid: 0000000000000000d000000000000000, type: 0}
  m_NavMeshLayer: 0
  m_StaticEditorFlags: 0
  m_IsActive: 0
--- !u!4 &1675957435
Transform:
  m_ObjectHideFlags: 0
  m_CorrespondingSourceObject: {fileID: 0}
  m_PrefabInstance: {fileID: 0}
  m_PrefabAsset: {fileID: 0}
  m_GameObject: {fileID: 1675957434}
  m_LocalRotation: {x: 0, y: 0, z: 0, w: 1}
  m_LocalPosition: {x: -0.022, y: 0, z: 0}
  m_LocalScale: {x: 1, y: 1, z: 1}
  m_Children: []
  m_Father: {fileID: 2190884700929978358}
  m_RootOrder: 0
  m_LocalEulerAnglesHint: {x: 0, y: 0, z: 0}
--- !u!114 &1675957436
MonoBehaviour:
  m_ObjectHideFlags: 0
  m_CorrespondingSourceObject: {fileID: 0}
  m_PrefabInstance: {fileID: 0}
  m_PrefabAsset: {fileID: 0}
  m_GameObject: {fileID: 1675957434}
  m_Enabled: 1
  m_EditorHideFlags: 0
  m_Script: {fileID: 11500000, guid: c84642b542b3b6943ba02b23389f9aa1, type: 3}
  m_Name: 
  m_EditorClassIdentifier: 
  collisionLayer:
    serializedVersion: 2
    m_Bits: 1024
  radius: 1
  damage: 5
  is_Player: 1
  is_Enemy: 0
  hit_FX_Prefab: {fileID: 115594, guid: efd3011863918584d94591e177fa8d29, type: 3}
--- !u!1 &2100307572
GameObject:
  m_ObjectHideFlags: 0
  m_CorrespondingSourceObject: {fileID: 0}
  m_PrefabInstance: {fileID: 0}
  m_PrefabAsset: {fileID: 0}
  serializedVersion: 6
  m_Component:
  - component: {fileID: 2100307573}
  - component: {fileID: 2100307574}
  m_Layer: 0
  m_Name: Left Hand Attack Point
  m_TagString: Untagged
  m_Icon: {fileID: 3306451490063965843, guid: 0000000000000000d000000000000000, type: 0}
  m_NavMeshLayer: 0
  m_StaticEditorFlags: 0
  m_IsActive: 0
--- !u!4 &2100307573
Transform:
  m_ObjectHideFlags: 0
  m_CorrespondingSourceObject: {fileID: 0}
  m_PrefabInstance: {fileID: 0}
  m_PrefabAsset: {fileID: 0}
  m_GameObject: {fileID: 2100307572}
  m_LocalRotation: {x: 0, y: 0, z: 0, w: 1}
  m_LocalPosition: {x: -0.124, y: -0, z: -0}
  m_LocalScale: {x: 1, y: 1, z: 1}
  m_Children: []
  m_Father: {fileID: 2190884700929978354}
  m_RootOrder: 5
  m_LocalEulerAnglesHint: {x: 0, y: 0, z: 0}
--- !u!114 &2100307574
MonoBehaviour:
  m_ObjectHideFlags: 0
  m_CorrespondingSourceObject: {fileID: 0}
  m_PrefabInstance: {fileID: 0}
  m_PrefabAsset: {fileID: 0}
  m_GameObject: {fileID: 2100307572}
  m_Enabled: 1
  m_EditorHideFlags: 0
  m_Script: {fileID: 11500000, guid: c84642b542b3b6943ba02b23389f9aa1, type: 3}
  m_Name: 
  m_EditorClassIdentifier: 
  collisionLayer:
    serializedVersion: 2
    m_Bits: 1024
  radius: 1
  damage: 5
  is_Player: 1
  is_Enemy: 0
  hit_FX_Prefab: {fileID: 115594, guid: efd3011863918584d94591e177fa8d29, type: 3}
--- !u!82 &6745291992944630820
AudioSource:
  m_ObjectHideFlags: 0
  m_CorrespondingSourceObject: {fileID: 0}
  m_PrefabInstance: {fileID: 0}
  m_PrefabAsset: {fileID: 0}
  m_GameObject: {fileID: 2190884700929880662}
  m_Enabled: 1
  serializedVersion: 4
  OutputAudioMixerGroup: {fileID: 0}
  m_audioClip: {fileID: 0}
  m_PlayOnAwake: 0
  m_Volume: 1
  m_Pitch: 1
  Loop: 0
  Mute: 0
  Spatialize: 0
  SpatializePostEffects: 0
  Priority: 128
  DopplerLevel: 1
  MinDistance: 1
  MaxDistance: 500
  Pan2D: 0
  rolloffMode: 0
  BypassEffects: 0
  BypassListenerEffects: 0
  BypassReverbZones: 0
  rolloffCustomCurve:
    serializedVersion: 2
    m_Curve:
    - serializedVersion: 3
      time: 0
      value: 1
      inSlope: 0
      outSlope: 0
      tangentMode: 0
      weightedMode: 0
      inWeight: 0.33333334
      outWeight: 0.33333334
    - serializedVersion: 3
      time: 1
      value: 0
      inSlope: 0
      outSlope: 0
      tangentMode: 0
      weightedMode: 0
      inWeight: 0.33333334
      outWeight: 0.33333334
    m_PreInfinity: 2
    m_PostInfinity: 2
    m_RotationOrder: 4
  panLevelCustomCurve:
    serializedVersion: 2
    m_Curve:
    - serializedVersion: 3
      time: 0
      value: 0
      inSlope: 0
      outSlope: 0
      tangentMode: 0
      weightedMode: 0
      inWeight: 0.33333334
      outWeight: 0.33333334
    m_PreInfinity: 2
    m_PostInfinity: 2
    m_RotationOrder: 4
  spreadCustomCurve:
    serializedVersion: 2
    m_Curve:
    - serializedVersion: 3
      time: 0
      value: 0
      inSlope: 0
      outSlope: 0
      tangentMode: 0
      weightedMode: 0
      inWeight: 0.33333334
      outWeight: 0.33333334
    m_PreInfinity: 2
    m_PostInfinity: 2
    m_RotationOrder: 4
  reverbZoneMixCustomCurve:
    serializedVersion: 2
    m_Curve:
    - serializedVersion: 3
      time: 0
      value: 1
      inSlope: 0
      outSlope: 0
      tangentMode: 0
      weightedMode: 0
      inWeight: 0.33333334
      outWeight: 0.33333334
    m_PreInfinity: 2
    m_PostInfinity: 2
    m_RotationOrder: 4
--- !u!114 &384227773587701836
MonoBehaviour:
  m_ObjectHideFlags: 0
  m_CorrespondingSourceObject: {fileID: 0}
  m_PrefabInstance: {fileID: 0}
  m_PrefabAsset: {fileID: 0}
  m_GameObject: {fileID: 2190884700929880662}
  m_Enabled: 1
  m_EditorHideFlags: 0
  m_Script: {fileID: 11500000, guid: 4d8b84aed8c7476409e01f476553036e, type: 3}
  m_Name: 
  m_EditorClassIdentifier: 
--- !u!114 &7429892840390644858
MonoBehaviour:
  m_ObjectHideFlags: 0
  m_CorrespondingSourceObject: {fileID: 0}
  m_PrefabInstance: {fileID: 0}
  m_PrefabAsset: {fileID: 0}
  m_GameObject: {fileID: 2190884700929880662}
  m_Enabled: 1
  m_EditorHideFlags: 0
  m_Script: {fileID: 11500000, guid: 9f0b824eaad1f4244b36e35ad1d2688d, type: 3}
  m_Name: 
  m_EditorClassIdentifier: 
  left_Arm_Attack_Point: {fileID: 2100307572}
  right_Arm_Attack_Point: {fileID: 1041753375}
  left_Leg_Attack_Point: {fileID: 1675957434}
  right_Leg_Attack_Point: {fileID: 8632808538804625212}
  stand_Up_Timer: 2
  whoosh_Sound: {fileID: 8300000, guid: 61edcaf84aa51fa488dfce97e461acdf, type: 3}
  fall_Sound: {fileID: 8300000, guid: 4abca8ac235a948408903aac98d76e3d, type: 3}
  ground_Hit_Sound: {fileID: 8300000, guid: bd82762f81b7e2d45a7f49b4c88fe0aa, type: 3}
  dead_Sound: {fileID: 8300000, guid: eebdd8b98ab0c7544b79c90aee7048ca, type: 3}
--- !u!1 &2190884701628273426
GameObject:
  m_ObjectHideFlags: 0
  m_CorrespondingSourceObject: {fileID: 0}
  m_PrefabInstance: {fileID: 0}
  m_PrefabAsset: {fileID: 0}
  serializedVersion: 6
  m_Component:
  - component: {fileID: 2190884701628273425}
  - component: {fileID: 2190884701628273424}
  - component: {fileID: 2190884701628273427}
  - component: {fileID: 101702679045984297}
  - component: {fileID: 2845122029159030719}
  - component: {fileID: 8927407543192946080}
  - component: {fileID: 6591895011154047229}
  m_Layer: 9
  m_Name: Player
  m_TagString: Player
  m_Icon: {fileID: 0}
  m_NavMeshLayer: 0
  m_StaticEditorFlags: 0
  m_IsActive: 1
--- !u!4 &2190884701628273425
Transform:
  m_ObjectHideFlags: 0
  m_CorrespondingSourceObject: {fileID: 0}
  m_PrefabInstance: {fileID: 0}
  m_PrefabAsset: {fileID: 0}
  m_GameObject: {fileID: 2190884701628273426}
  m_LocalRotation: {x: 0, y: 0, z: 0, w: 1}
  m_LocalPosition: {x: 9, y: 0, z: -0.81}
  m_LocalScale: {x: 1, y: 1, z: 1}
  m_Children:
  - {fileID: 2190884700929978294}
  m_Father: {fileID: 0}
  m_RootOrder: 0
  m_LocalEulerAnglesHint: {x: 0, y: 0, z: 0}
--- !u!136 &2190884701628273424
CapsuleCollider:
  m_ObjectHideFlags: 0
  m_CorrespondingSourceObject: {fileID: 0}
  m_PrefabInstance: {fileID: 0}
  m_PrefabAsset: {fileID: 0}
  m_GameObject: {fileID: 2190884701628273426}
  m_Material: {fileID: 0}
  m_IsTrigger: 0
  m_Enabled: 1
  m_Radius: 0.3
  m_Height: 1.8
  m_Direction: 1
  m_Center: {x: 0, y: 0.85, z: 0}
--- !u!54 &2190884701628273427
Rigidbody:
  m_ObjectHideFlags: 0
  m_CorrespondingSourceObject: {fileID: 0}
  m_PrefabInstance: {fileID: 0}
  m_PrefabAsset: {fileID: 0}
  m_GameObject: {fileID: 2190884701628273426}
  serializedVersion: 2
  m_Mass: 3
  m_Drag: 0
  m_AngularDrag: 0
  m_UseGravity: 1
  m_IsKinematic: 0
  m_Interpolate: 0
  m_Constraints: 112
  m_CollisionDetection: 0
--- !u!114 &101702679045984297
MonoBehaviour:
  m_ObjectHideFlags: 0
  m_CorrespondingSourceObject: {fileID: 0}
  m_PrefabInstance: {fileID: 0}
  m_PrefabAsset: {fileID: 0}
  m_GameObject: {fileID: 2190884701628273426}
  m_Enabled: 1
  m_EditorHideFlags: 0
  m_Script: {fileID: 11500000, guid: 40bd417f7df5b324993bd056335a07e2, type: 3}
  m_Name: 
  m_EditorClassIdentifier: 
  walk_Speed: 2
  z_speed: 1.5
--- !u!114 &2845122029159030719
MonoBehaviour:
  m_ObjectHideFlags: 0
  m_CorrespondingSourceObject: {fileID: 0}
  m_PrefabInstance: {fileID: 0}
  m_PrefabAsset: {fileID: 0}
  m_GameObject: {fileID: 2190884701628273426}
  m_Enabled: 1
  m_EditorHideFlags: 0
  m_Script: {fileID: 11500000, guid: 57e8905f1c3df8246ad9aee48c315648, type: 3}
  m_Name: 
  m_EditorClassIdentifier: 
--- !u!114 &8927407543192946080
MonoBehaviour:
  m_ObjectHideFlags: 0
  m_CorrespondingSourceObject: {fileID: 0}
  m_PrefabInstance: {fileID: 0}
  m_PrefabAsset: {fileID: 0}
  m_GameObject: {fileID: 2190884701628273426}
  m_Enabled: 1
  m_EditorHideFlags: 0
  m_Script: {fileID: 11500000, guid: 075f69b481b1ee540854b45ab3cb98d1, type: 3}
  m_Name: 
  m_EditorClassIdentifier: 
  health: 100
  is_Player: 1
--- !u!114 &6591895011154047229
MonoBehaviour:
  m_ObjectHideFlags: 0
  m_CorrespondingSourceObject: {fileID: 0}
  m_PrefabInstance: {fileID: 0}
  m_PrefabAsset: {fileID: 0}
  m_GameObject: {fileID: 2190884701628273426}
  m_Enabled: 1
  m_EditorHideFlags: 0
  m_Script: {fileID: 11500000, guid: 8720b91db17c9af4688e5a8b69cfe08d, type: 3}
  m_Name: 
  m_EditorClassIdentifier: 
--- !u!1 &8632808538804625212
GameObject:
  m_ObjectHideFlags: 0
  m_CorrespondingSourceObject: {fileID: 0}
  m_PrefabInstance: {fileID: 0}
  m_PrefabAsset: {fileID: 0}
  serializedVersion: 6
  m_Component:
  - component: {fileID: 6250383020739430001}
  - component: {fileID: 6176293938903805544}
  m_Layer: 0
  m_Name: Right Leg Attack Point
  m_TagString: Untagged
  m_Icon: {fileID: 3443629218296621865, guid: 0000000000000000d000000000000000, type: 0}
  m_NavMeshLayer: 0
  m_StaticEditorFlags: 0
  m_IsActive: 0
--- !u!4 &6250383020739430001
Transform:
  m_ObjectHideFlags: 0
  m_CorrespondingSourceObject: {fileID: 0}
  m_PrefabInstance: {fileID: 0}
  m_PrefabAsset: {fileID: 0}
  m_GameObject: {fileID: 8632808538804625212}
  m_LocalRotation: {x: 0, y: 0, z: 0.7071068, w: 0.7071068}
  m_LocalPosition: {x: -0.014, y: 0, z: 0}
  m_LocalScale: {x: 1, y: 1, z: 1}
  m_Children: []
  m_Father: {fileID: 2190884700929978296}
  m_RootOrder: 0
  m_LocalEulerAnglesHint: {x: 0, y: 0, z: 90}
--- !u!114 &6176293938903805544
MonoBehaviour:
  m_ObjectHideFlags: 0
  m_CorrespondingSourceObject: {fileID: 0}
  m_PrefabInstance: {fileID: 0}
  m_PrefabAsset: {fileID: 0}
  m_GameObject: {fileID: 8632808538804625212}
  m_Enabled: 1
  m_EditorHideFlags: 0
  m_Script: {fileID: 11500000, guid: c84642b542b3b6943ba02b23389f9aa1, type: 3}
  m_Name: 
  m_EditorClassIdentifier: 
  collisionLayer:
    serializedVersion: 2
    m_Bits: 1024
  radius: 1
  damage: 5
  is_Player: 1
  is_Enemy: 0
  hit_FX_Prefab: {fileID: 115594, guid: efd3011863918584d94591e177fa8d29, type: 3}
--- !u!1001 &2190884700929848664
PrefabInstance:
  m_ObjectHideFlags: 0
  serializedVersion: 2
  m_Modification:
    m_TransformParent: {fileID: 2190884701628273425}
    m_Modifications:
    - target: {fileID: 100110, guid: 68ff77d4e131db34586dc6f268e92dca, type: 3}
      propertyPath: m_Name
      value: Player Child
      objectReference: {fileID: 0}
    - target: {fileID: 400110, guid: 68ff77d4e131db34586dc6f268e92dca, type: 3}
      propertyPath: m_RootOrder
      value: 0
      objectReference: {fileID: 0}
    - target: {fileID: 400110, guid: 68ff77d4e131db34586dc6f268e92dca, type: 3}
      propertyPath: m_LocalPosition.x
      value: 0
      objectReference: {fileID: 0}
    - target: {fileID: 400110, guid: 68ff77d4e131db34586dc6f268e92dca, type: 3}
      propertyPath: m_LocalPosition.y
      value: 0
      objectReference: {fileID: 0}
    - target: {fileID: 400110, guid: 68ff77d4e131db34586dc6f268e92dca, type: 3}
      propertyPath: m_LocalPosition.z
      value: 0
      objectReference: {fileID: 0}
    - target: {fileID: 400110, guid: 68ff77d4e131db34586dc6f268e92dca, type: 3}
      propertyPath: m_LocalRotation.w
      value: 1
      objectReference: {fileID: 0}
    - target: {fileID: 400110, guid: 68ff77d4e131db34586dc6f268e92dca, type: 3}
      propertyPath: m_LocalRotation.x
      value: -0
      objectReference: {fileID: 0}
    - target: {fileID: 400110, guid: 68ff77d4e131db34586dc6f268e92dca, type: 3}
      propertyPath: m_LocalRotation.y
      value: -0
      objectReference: {fileID: 0}
    - target: {fileID: 400110, guid: 68ff77d4e131db34586dc6f268e92dca, type: 3}
      propertyPath: m_LocalRotation.z
      value: -0
      objectReference: {fileID: 0}
    - target: {fileID: 400110, guid: 68ff77d4e131db34586dc6f268e92dca, type: 3}
      propertyPath: m_LocalEulerAnglesHint.x
      value: 0
      objectReference: {fileID: 0}
    - target: {fileID: 400110, guid: 68ff77d4e131db34586dc6f268e92dca, type: 3}
      propertyPath: m_LocalEulerAnglesHint.y
      value: 0
      objectReference: {fileID: 0}
    - target: {fileID: 400110, guid: 68ff77d4e131db34586dc6f268e92dca, type: 3}
      propertyPath: m_LocalEulerAnglesHint.z
      value: 0
      objectReference: {fileID: 0}
    - target: {fileID: 9500000, guid: 68ff77d4e131db34586dc6f268e92dca, type: 3}
      propertyPath: m_Controller
      value: 
      objectReference: {fileID: 9100000, guid: 6ea3983681adb39438fc03d3896e44cc, type: 2}
    - target: {fileID: 13700000, guid: 68ff77d4e131db34586dc6f268e92dca, type: 3}
      propertyPath: m_Materials.Array.data[0]
      value: 
      objectReference: {fileID: 2100000, guid: be03966971b1d44f6b5fd7a3d3721881, type: 2}
    - target: {fileID: 13700000, guid: 68ff77d4e131db34586dc6f268e92dca, type: 3}
      propertyPath: m_Materials.Array.data[1]
      value: 
      objectReference: {fileID: 2100000, guid: be03966971b1d44f6b5fd7a3d3721881, type: 2}
    m_RemovedComponents: []
  m_SourcePrefab: {fileID: 100100000, guid: 68ff77d4e131db34586dc6f268e92dca, type: 3}
--- !u!1 &2190884700929880662 stripped
GameObject:
  m_CorrespondingSourceObject: {fileID: 100110, guid: 68ff77d4e131db34586dc6f268e92dca,
    type: 3}
  m_PrefabInstance: {fileID: 2190884700929848664}
  m_PrefabAsset: {fileID: 0}
--- !u!4 &2190884700929978294 stripped
Transform:
  m_CorrespondingSourceObject: {fileID: 400110, guid: 68ff77d4e131db34586dc6f268e92dca,
    type: 3}
  m_PrefabInstance: {fileID: 2190884700929848664}
  m_PrefabAsset: {fileID: 0}
--- !u!4 &2190884700929978358 stripped
Transform:
  m_CorrespondingSourceObject: {fileID: 400046, guid: 68ff77d4e131db34586dc6f268e92dca,
    type: 3}
  m_PrefabInstance: {fileID: 2190884700929848664}
  m_PrefabAsset: {fileID: 0}
--- !u!4 &2190884700929978296 stripped
Transform:
  m_CorrespondingSourceObject: {fileID: 400096, guid: 68ff77d4e131db34586dc6f268e92dca,
    type: 3}
  m_PrefabInstance: {fileID: 2190884700929848664}
  m_PrefabAsset: {fileID: 0}
--- !u!4 &2190884700929978354 stripped
Transform:
  m_CorrespondingSourceObject: {fileID: 400042, guid: 68ff77d4e131db34586dc6f268e92dca,
    type: 3}
  m_PrefabInstance: {fileID: 2190884700929848664}
  m_PrefabAsset: {fileID: 0}
--- !u!4 &2190884700929978244 stripped
Transform:
  m_CorrespondingSourceObject: {fileID: 400092, guid: 68ff77d4e131db34586dc6f268e92dca,
    type: 3}
  m_PrefabInstance: {fileID: 2190884700929848664}
  m_PrefabAsset: {fileID: 0}
