%YAML 1.1
%TAG !u! tag:unity3d.com,2011:
--- !u!1 &4370613419352419247
GameObject:
  m_ObjectHideFlags: 0
  m_CorrespondingSourceObject: {fileID: 0}
  m_PrefabInstance: {fileID: 0}
  m_PrefabAsset: {fileID: 0}
  serializedVersion: 6
  m_Component:
  - component: {fileID: 4370613419352419244}
  m_Layer: 0
  m_Name: Stick Position
  m_TagString: Untagged
  m_Icon: {fileID: 0}
  m_NavMeshLayer: 0
  m_StaticEditorFlags: 0
  m_IsActive: 1
--- !u!4 &4370613419352419244
Transform:
  m_ObjectHideFlags: 0
  m_CorrespondingSourceObject: {fileID: 0}
  m_PrefabInstance: {fileID: 0}
  m_PrefabAsset: {fileID: 0}
  m_GameObject: {fileID: 4370613419352419247}
  m_LocalRotation: {x: 0, y: 0, z: 0, w: 1}
  m_LocalPosition: {x: 0, y: 0, z: 0}
  m_LocalScale: {x: 1, y: 1, z: 1}
  m_Children:
  - {fileID: 4264118035882843168}
  m_Father: {fileID: 5585255262389206427}
  m_RootOrder: 1
  m_LocalEulerAnglesHint: {x: 0, y: 0, z: 0}
--- !u!1 &4370613419506528385
GameObject:
  m_ObjectHideFlags: 0
  m_CorrespondingSourceObject: {fileID: 0}
  m_PrefabInstance: {fileID: 0}
  m_PrefabAsset: {fileID: 0}
  serializedVersion: 6
  m_Component:
  - component: {fileID: 4370613419506528398}
  - component: {fileID: 4370613419506528397}
  - component: {fileID: 4370613419506528396}
  - component: {fileID: 4370613419506528399}
  m_Layer: 0
  m_Name: Camera
  m_TagString: MainCamera
  m_Icon: {fileID: 0}
  m_NavMeshLayer: 0
  m_StaticEditorFlags: 0
  m_IsActive: 1
--- !u!4 &4370613419506528398
Transform:
  m_ObjectHideFlags: 0
  m_CorrespondingSourceObject: {fileID: 0}
  m_PrefabInstance: {fileID: 0}
  m_PrefabAsset: {fileID: 0}
  m_GameObject: {fileID: 4370613419506528385}
  m_LocalRotation: {x: 0.014789251, y: -0.76272875, z: -0.012534188, w: 0.646428}
  m_LocalPosition: {x: 3.05, y: 1.51, z: 0.26}
  m_LocalScale: {x: 1, y: 1, z: 1}
  m_Children: []
  m_Father: {fileID: 4370613420382793429}
  m_RootOrder: 1
  m_LocalEulerAnglesHint: {x: 0, y: -99.436, z: -2.222}
--- !u!20 &4370613419506528397
Camera:
  m_ObjectHideFlags: 0
  m_CorrespondingSourceObject: {fileID: 0}
  m_PrefabInstance: {fileID: 0}
  m_PrefabAsset: {fileID: 0}
  m_GameObject: {fileID: 4370613419506528385}
  m_Enabled: 1
  serializedVersion: 2
  m_ClearFlags: 1
  m_BackGroundColor: {r: 0.19215687, g: 0.3019608, b: 0.4745098, a: 0}
  m_projectionMatrixMode: 1
  m_GateFitMode: 2
  m_FOVAxisMode: 0
  m_SensorSize: {x: 36, y: 24}
  m_LensShift: {x: 0, y: 0}
  m_FocalLength: 50
  m_NormalizedViewPortRect:
    serializedVersion: 2
    x: 0
    y: 0
    width: 1
    height: 1
  near clip plane: 0.3
  far clip plane: 1000
  field of view: 60
  orthographic: 0
  orthographic size: 5
  m_Depth: 0
  m_CullingMask:
    serializedVersion: 2
    m_Bits: 4294967295
  m_RenderingPath: -1
  m_TargetTexture: {fileID: 0}
  m_TargetDisplay: 0
  m_TargetEye: 3
  m_HDR: 1
  m_AllowMSAA: 1
  m_AllowDynamicResolution: 0
  m_ForceIntoRT: 0
  m_OcclusionCulling: 1
  m_StereoConvergence: 10
  m_StereoSeparation: 0.022
--- !u!81 &4370613419506528396
AudioListener:
  m_ObjectHideFlags: 0
  m_CorrespondingSourceObject: {fileID: 0}
  m_PrefabInstance: {fileID: 0}
  m_PrefabAsset: {fileID: 0}
  m_GameObject: {fileID: 4370613419506528385}
  m_Enabled: 1
--- !u!114 &4370613419506528399
MonoBehaviour:
  m_ObjectHideFlags: 0
  m_CorrespondingSourceObject: {fileID: 0}
  m_PrefabInstance: {fileID: 0}
  m_PrefabAsset: {fileID: 0}
  m_GameObject: {fileID: 4370613419506528385}
  m_Enabled: 1
  m_EditorHideFlags: 0
  m_Script: {fileID: 11500000, guid: a79441f348de89743a2939f4d699eac1, type: 3}
  m_Name: 
  m_EditorClassIdentifier: 
  m_RenderShadows: 1
  m_RequiresDepthTextureOption: 2
  m_RequiresOpaqueTextureOption: 2
  m_CameraType: 0
  m_Cameras: []
  m_RendererIndex: -1
  m_VolumeLayerMask:
    serializedVersion: 2
    m_Bits: 1
  m_VolumeTrigger: {fileID: 0}
  m_VolumeFrameworkUpdateModeOption: 2
  m_RenderPostProcessing: 0
  m_Antialiasing: 0
  m_AntialiasingQuality: 2
  m_StopNaN: 0
  m_Dithering: 0
  m_ClearDepth: 1
  m_AllowXRRendering: 1
  m_RequiresDepthTexture: 0
  m_RequiresColorTexture: 0
  m_Version: 2
--- !u!1 &4370613420120164316
GameObject:
  m_ObjectHideFlags: 0
  m_CorrespondingSourceObject: {fileID: 0}
  m_PrefabInstance: {fileID: 0}
  m_PrefabAsset: {fileID: 0}
  serializedVersion: 6
  m_Component:
  - component: {fileID: 4370613420120164317}
  - component: {fileID: 4370613420120164314}
  m_Layer: 0
  m_Name: coliider
  m_TagString: Untagged
  m_Icon: {fileID: 0}
  m_NavMeshLayer: 0
  m_StaticEditorFlags: 0
  m_IsActive: 1
--- !u!4 &4370613420120164317
Transform:
  m_ObjectHideFlags: 0
  m_CorrespondingSourceObject: {fileID: 0}
  m_PrefabInstance: {fileID: 0}
  m_PrefabAsset: {fileID: 0}
  m_GameObject: {fileID: 4370613420120164316}
  m_LocalRotation: {x: 0.7037676, y: 0.00000006891783, z: 0.0000006258484, w: 0.7104304}
  m_LocalPosition: {x: 0, y: 0.001, z: 0.79}
  m_LocalScale: {x: 0.045296002, y: 0.9010607, z: 0.045296002}
  m_Children: []
  m_Father: {fileID: 4264118035882843168}
  m_RootOrder: 0
  m_LocalEulerAnglesHint: {x: 89.461, y: 0.006, z: 0.006}
--- !u!136 &4370613420120164314
CapsuleCollider:
  m_ObjectHideFlags: 0
  m_CorrespondingSourceObject: {fileID: 0}
  m_PrefabInstance: {fileID: 0}
  m_PrefabAsset: {fileID: 0}
  m_GameObject: {fileID: 4370613420120164316}
  m_Material: {fileID: 0}
  m_IsTrigger: 0
  m_Enabled: 1
  m_Radius: 0.5
  m_Height: 2
  m_Direction: 1
  m_Center: {x: 0, y: 0, z: 0}
--- !u!1 &4370613420382793418
GameObject:
  m_ObjectHideFlags: 0
  m_CorrespondingSourceObject: {fileID: 0}
  m_PrefabInstance: {fileID: 0}
  m_PrefabAsset: {fileID: 0}
  serializedVersion: 6
  m_Component:
  - component: {fileID: 4370613420382793429}
  - component: {fileID: 4370613420382793428}
  - component: {fileID: 4370613420382793431}
  - component: {fileID: 4370613420382793430}
  - component: {fileID: 4370613420382793417}
  - component: {fileID: 4370613420382793416}
  - component: {fileID: 4370613420382793419}
  m_Layer: 0
  m_Name: Player Donatelo
  m_TagString: Untagged
  m_Icon: {fileID: 0}
  m_NavMeshLayer: 0
  m_StaticEditorFlags: 0
  m_IsActive: 1
--- !u!4 &4370613420382793429
Transform:
  m_ObjectHideFlags: 0
  m_CorrespondingSourceObject: {fileID: 0}
  m_PrefabInstance: {fileID: 0}
  m_PrefabAsset: {fileID: 0}
  m_GameObject: {fileID: 4370613420382793418}
  m_LocalRotation: {x: -0, y: -0.66603994, z: -0, w: 0.7459161}
  m_LocalPosition: {x: -0.79, y: 0, z: -6.93}
  m_LocalScale: {x: 1, y: 1, z: 1}
  m_Children:
  - {fileID: 4264118034844245206}
  - {fileID: 4370613419506528398}
  m_Father: {fileID: 0}
  m_RootOrder: 0
  m_LocalEulerAnglesHint: {x: 0, y: -83.524, z: 0}
--- !u!54 &4370613420382793428
Rigidbody:
  m_ObjectHideFlags: 0
  m_CorrespondingSourceObject: {fileID: 0}
  m_PrefabInstance: {fileID: 0}
  m_PrefabAsset: {fileID: 0}
  m_GameObject: {fileID: 4370613420382793418}
  serializedVersion: 2
  m_Mass: 3
  m_Drag: 0
  m_AngularDrag: 0
  m_UseGravity: 1
  m_IsKinematic: 0
  m_Interpolate: 0
  m_Constraints: 112
  m_CollisionDetection: 0
--- !u!136 &4370613420382793431
CapsuleCollider:
  m_ObjectHideFlags: 0
  m_CorrespondingSourceObject: {fileID: 0}
  m_PrefabInstance: {fileID: 0}
  m_PrefabAsset: {fileID: 0}
  m_GameObject: {fileID: 4370613420382793418}
  m_Material: {fileID: 0}
  m_IsTrigger: 0
  m_Enabled: 1
  m_Radius: 0.34608412
  m_Height: 2.0214047
  m_Direction: 1
  m_Center: {x: 0, y: 0.9385421, z: -0.039233446}
--- !u!114 &4370613420382793430
MonoBehaviour:
  m_ObjectHideFlags: 0
  m_CorrespondingSourceObject: {fileID: 0}
  m_PrefabInstance: {fileID: 0}
  m_PrefabAsset: {fileID: 0}
  m_GameObject: {fileID: 4370613420382793418}
  m_Enabled: 1
  m_EditorHideFlags: 0
  m_Script: {fileID: 11500000, guid: 40bd417f7df5b324993bd056335a07e2, type: 3}
  m_Name: 
  m_EditorClassIdentifier: 
  walk_Speed: 1.5
  z_speed: 1.5
--- !u!114 &4370613420382793417
MonoBehaviour:
  m_ObjectHideFlags: 0
  m_CorrespondingSourceObject: {fileID: 0}
  m_PrefabInstance: {fileID: 0}
  m_PrefabAsset: {fileID: 0}
  m_GameObject: {fileID: 4370613420382793418}
  m_Enabled: 1
  m_EditorHideFlags: 0
  m_Script: {fileID: 11500000, guid: 075f69b481b1ee540854b45ab3cb98d1, type: 3}
  m_Name: 
  m_EditorClassIdentifier: 
  health: 100
  is_Player: 1
--- !u!114 &4370613420382793416
MonoBehaviour:
  m_ObjectHideFlags: 0
  m_CorrespondingSourceObject: {fileID: 0}
  m_PrefabInstance: {fileID: 0}
  m_PrefabAsset: {fileID: 0}
  m_GameObject: {fileID: 4370613420382793418}
  m_Enabled: 1
  m_EditorHideFlags: 0
  m_Script: {fileID: 11500000, guid: 57e8905f1c3df8246ad9aee48c315648, type: 3}
  m_Name: 
  m_EditorClassIdentifier: 
--- !u!114 &4370613420382793419
MonoBehaviour:
  m_ObjectHideFlags: 0
  m_CorrespondingSourceObject: {fileID: 0}
  m_PrefabInstance: {fileID: 0}
  m_PrefabAsset: {fileID: 0}
  m_GameObject: {fileID: 4370613420382793418}
  m_Enabled: 1
  m_EditorHideFlags: 0
  m_Script: {fileID: 11500000, guid: 8720b91db17c9af4688e5a8b69cfe08d, type: 3}
  m_Name: 
  m_EditorClassIdentifier: 
--- !u!1001 &4370613419361926091
PrefabInstance:
  m_ObjectHideFlags: 0
  serializedVersion: 2
  m_Modification:
    m_TransformParent: {fileID: 4370613419352419244}
    m_Modifications:
    - target: {fileID: -8679921383154817045, guid: a03fffae4021b5c4c8e085ab3d109c42, type: 3}
      propertyPath: m_RootOrder
      value: 0
      objectReference: {fileID: 0}
    - target: {fileID: -8679921383154817045, guid: a03fffae4021b5c4c8e085ab3d109c42, type: 3}
      propertyPath: m_LocalPosition.x
      value: 0.4019077
      objectReference: {fileID: 0}
    - target: {fileID: -8679921383154817045, guid: a03fffae4021b5c4c8e085ab3d109c42, type: 3}
      propertyPath: m_LocalPosition.y
      value: 0.05744713
      objectReference: {fileID: 0}
    - target: {fileID: -8679921383154817045, guid: a03fffae4021b5c4c8e085ab3d109c42, type: 3}
      propertyPath: m_LocalPosition.z
      value: 0.01483468
      objectReference: {fileID: 0}
    - target: {fileID: -8679921383154817045, guid: a03fffae4021b5c4c8e085ab3d109c42, type: 3}
      propertyPath: m_LocalRotation.w
      value: 0.038746625
      objectReference: {fileID: 0}
    - target: {fileID: -8679921383154817045, guid: a03fffae4021b5c4c8e085ab3d109c42, type: 3}
      propertyPath: m_LocalRotation.x
      value: 0.69436526
      objectReference: {fileID: 0}
    - target: {fileID: -8679921383154817045, guid: a03fffae4021b5c4c8e085ab3d109c42, type: 3}
      propertyPath: m_LocalRotation.y
      value: 0.039715912
      objectReference: {fileID: 0}
    - target: {fileID: -8679921383154817045, guid: a03fffae4021b5c4c8e085ab3d109c42, type: 3}
      propertyPath: m_LocalRotation.z
      value: -0.71748054
      objectReference: {fileID: 0}
    - target: {fileID: -8679921383154817045, guid: a03fffae4021b5c4c8e085ab3d109c42, type: 3}
      propertyPath: m_LocalEulerAnglesHint.x
      value: 0.264
      objectReference: {fileID: 0}
    - target: {fileID: -8679921383154817045, guid: a03fffae4021b5c4c8e085ab3d109c42, type: 3}
      propertyPath: m_LocalEulerAnglesHint.y
      value: -90
      objectReference: {fileID: 0}
    - target: {fileID: -8679921383154817045, guid: a03fffae4021b5c4c8e085ab3d109c42, type: 3}
      propertyPath: m_LocalEulerAnglesHint.z
      value: 90
      objectReference: {fileID: 0}
    - target: {fileID: 919132149155446097, guid: a03fffae4021b5c4c8e085ab3d109c42, type: 3}
      propertyPath: m_Name
      value: Stick
      objectReference: {fileID: 0}
    m_RemovedComponents: []
  m_SourcePrefab: {fileID: 100100000, guid: a03fffae4021b5c4c8e085ab3d109c42, type: 3}
--- !u!4 &4264118035882843168 stripped
Transform:
  m_CorrespondingSourceObject: {fileID: -8679921383154817045, guid: a03fffae4021b5c4c8e085ab3d109c42, type: 3}
  m_PrefabInstance: {fileID: 4370613419361926091}
  m_PrefabAsset: {fileID: 0}
--- !u!1001 &4370613420400524093
PrefabInstance:
  m_ObjectHideFlags: 0
  serializedVersion: 2
  m_Modification:
    m_TransformParent: {fileID: 4370613420382793429}
    m_Modifications:
    - target: {fileID: -8679921383154817045, guid: aa40f99312d1de0479c1da7840ab104f, type: 3}
      propertyPath: m_RootOrder
      value: 0
      objectReference: {fileID: 0}
    - target: {fileID: -8679921383154817045, guid: aa40f99312d1de0479c1da7840ab104f, type: 3}
      propertyPath: m_LocalPosition.x
      value: 0
      objectReference: {fileID: 0}
    - target: {fileID: -8679921383154817045, guid: aa40f99312d1de0479c1da7840ab104f, type: 3}
      propertyPath: m_LocalPosition.y
      value: 0
      objectReference: {fileID: 0}
    - target: {fileID: -8679921383154817045, guid: aa40f99312d1de0479c1da7840ab104f, type: 3}
      propertyPath: m_LocalPosition.z
      value: 0
      objectReference: {fileID: 0}
    - target: {fileID: -8679921383154817045, guid: aa40f99312d1de0479c1da7840ab104f, type: 3}
      propertyPath: m_LocalRotation.w
      value: 1
      objectReference: {fileID: 0}
    - target: {fileID: -8679921383154817045, guid: aa40f99312d1de0479c1da7840ab104f, type: 3}
      propertyPath: m_LocalRotation.x
      value: -0
      objectReference: {fileID: 0}
    - target: {fileID: -8679921383154817045, guid: aa40f99312d1de0479c1da7840ab104f, type: 3}
      propertyPath: m_LocalRotation.y
      value: -0
      objectReference: {fileID: 0}
    - target: {fileID: -8679921383154817045, guid: aa40f99312d1de0479c1da7840ab104f, type: 3}
      propertyPath: m_LocalRotation.z
      value: -0
      objectReference: {fileID: 0}
    - target: {fileID: -8679921383154817045, guid: aa40f99312d1de0479c1da7840ab104f, type: 3}
      propertyPath: m_LocalEulerAnglesHint.x
      value: 0
      objectReference: {fileID: 0}
    - target: {fileID: -8679921383154817045, guid: aa40f99312d1de0479c1da7840ab104f, type: 3}
      propertyPath: m_LocalEulerAnglesHint.y
      value: 0
      objectReference: {fileID: 0}
    - target: {fileID: -8679921383154817045, guid: aa40f99312d1de0479c1da7840ab104f, type: 3}
      propertyPath: m_LocalEulerAnglesHint.z
      value: 0
      objectReference: {fileID: 0}
    - target: {fileID: 919132149155446097, guid: aa40f99312d1de0479c1da7840ab104f, type: 3}
      propertyPath: m_Name
      value: NINJA1
      objectReference: {fileID: 0}
    m_RemovedComponents: []
  m_SourcePrefab: {fileID: 100100000, guid: aa40f99312d1de0479c1da7840ab104f, type: 3}
--- !u!1 &3487721725327181420 stripped
GameObject:
  m_CorrespondingSourceObject: {fileID: 919132149155446097, guid: aa40f99312d1de0479c1da7840ab104f, type: 3}
  m_PrefabInstance: {fileID: 4370613420400524093}
  m_PrefabAsset: {fileID: 0}
--- !u!4 &4264118034844245206 stripped
Transform:
  m_CorrespondingSourceObject: {fileID: -8679921383154817045, guid: aa40f99312d1de0479c1da7840ab104f, type: 3}
  m_PrefabInstance: {fileID: 4370613420400524093}
  m_PrefabAsset: {fileID: 0}
--- !u!4 &5585255262389206427 stripped
Transform:
  m_CorrespondingSourceObject: {fileID: -1070350730909333850, guid: aa40f99312d1de0479c1da7840ab104f, type: 3}
  m_PrefabInstance: {fileID: 4370613420400524093}
  m_PrefabAsset: {fileID: 0}
--- !u!95 &4370613420640020992
Animator:
  serializedVersion: 3
  m_ObjectHideFlags: 0
  m_CorrespondingSourceObject: {fileID: 0}
  m_PrefabInstance: {fileID: 0}
  m_PrefabAsset: {fileID: 0}
  m_GameObject: {fileID: 3487721725327181420}
  m_Enabled: 1
  m_Avatar: {fileID: 9000000, guid: aa40f99312d1de0479c1da7840ab104f, type: 3}
  m_Controller: {fileID: 9100000, guid: 6ea3983681adb39438fc03d3896e44cc, type: 2}
  m_CullingMode: 1
  m_UpdateMode: 0
  m_ApplyRootMotion: 0
  m_LinearVelocityBlending: 0
  m_WarningMessage: 
  m_HasTransformHierarchy: 1
  m_AllowConstantClipSamplingOptimization: 1
  m_KeepAnimatorControllerStateOnDisable: 0
--- !u!114 &4370613420640020993
MonoBehaviour:
  m_ObjectHideFlags: 0
  m_CorrespondingSourceObject: {fileID: 0}
  m_PrefabInstance: {fileID: 0}
  m_PrefabAsset: {fileID: 0}
  m_GameObject: {fileID: 3487721725327181420}
  m_Enabled: 1
  m_EditorHideFlags: 0
  m_Script: {fileID: 11500000, guid: 4d8b84aed8c7476409e01f476553036e, type: 3}
  m_Name: 
  m_EditorClassIdentifier: 
--- !u!114 &4370613420640021006
MonoBehaviour:
  m_ObjectHideFlags: 0
  m_CorrespondingSourceObject: {fileID: 0}
  m_PrefabInstance: {fileID: 0}
  m_PrefabAsset: {fileID: 0}
  m_GameObject: {fileID: 3487721725327181420}
  m_Enabled: 1
  m_EditorHideFlags: 0
  m_Script: {fileID: 11500000, guid: 9f0b824eaad1f4244b36e35ad1d2688d, type: 3}
  m_Name: 
  m_EditorClassIdentifier: 
  left_Arm_Attack_Point: {fileID: 0}
  right_Arm_Attack_Point: {fileID: 0}
  left_Leg_Attack_Point: {fileID: 0}
  right_Leg_Attack_Point: {fileID: 0}
  stand_Up_Timer: 2
  whoosh_Sound: {fileID: 0}
  fall_Sound: {fileID: 0}
  ground_Hit_Sound: {fileID: 0}
  dead_Sound: {fileID: 0}
